@article{green_2017_impact,
  title = {Impact of space weather on the satellite industry (Влияние космической погоды на спутниковую индустрию)},
  author = {Green J. C. and Likar J. and Shprits Y.},
  journal = {Advancing Earth and Space Science},
  volume = {15},
  pages = {804--818},
  year = {2017},
  publisher = {American Geophysical Union},
}

@book{geomag_handbook,
  author = {Кузнецов В.Д. and Храмов А.А.},
  title = {Геомагнитные возмущения и их прогноз},
  year = {2010},
  address = {Москва},
  publisher = {Наука},
  language = {russian},
}

@misc{satnogs_general_docs,
  author = {{SatNOGS Community}},
  title = {SatNOGS General Documentation (Общая Документация SatNOGS)},
  howaccessed = {Online},
  url = {https://wiki.satnogs.org},
  year = {2024},
}

@misc{grafana_docs,
  author = {{Grafana Labs}},
  title = {Grafana Documentation (Документация Grafana)},
  howaccessed = {Online},
  url = {https://grafana.com/docs/},
  year = {2024},
}

@online{influxdb_docs,
  author = {InfluxData},
  title = {Документация InfluxDB},
  howpublished = {\url{https://docs.influxdata.com/influxdb/v2/}},
  year = {2024},
  urldate = {2024-12-30},
}

@online{grafana_community_post,
  author = {Grafana Community},
  title = {Не удается скачать Grafana 9.0.2 из России},
  howpublished = {\url{https://community.grafana.com/t/cant-download-grafana-9-0-2-from-russia/68391}},
  urldate = {2024-12-30},
}

@misc{react_managing_state,
  author = {React},
  title = {Управление состоянием в React},
  howpublished = {\url{https://react.dev/learn/managing-state}},
  year = {2024},
  urldate = {2025-03-17},
}

@misc{librespace_docs,
  author = {{LibreSpace Foundation}},
  title = {LibreSpace Documentation},
  howaccessed = {Online},
  url = {https://libre.space},
  year = {2024},
}

@online{xgboost_docs,
  title = {{XGBoost}: A Scalable Tree Boosting System ({XGBoost}: Масштабируемая система расширения дерева)},
  url = {https://xgboost.readthedocs.io/en/latest/},
  urldate = {2025-05-28},
  year = {2020},
}

@inproceedings{luppen2021introducing,
  title = {Introducing formal methodologies to monitor small aerospace system telemetry (Внедрение официальных методологий мониторинга телеметрии малых аэрокосмических систем)},
  author = {Luppen Z. and Lee D. Y. and Rozier K. Y.},
  booktitle = {2021 IEEE International Symposium on Software Reliability Engineering Workshops (ISSREW)},
  pages = {15--22},
  year = {2021},
  organization = {IEEE},
}

@online{grid_search_tuning,
  author = {Scikit-learn},
  title = {Поиск по сетке в Scikit-learn},
  howpublished = {\url{https://scikit-learn.org/stable/modules/grid_search.html}},
  year = {2024},
  urldate = {2025-01-18},
}

@misc{pyecharts_docs,
  author = {Pyecharts},
  title = {Документация Pyecharts},
  howpublished = {\url{https://pyecharts.org/\#/en-us/}},
  year = {2024},
  urldate = {2025-04-23},
}

@online{mlflow_docs,
  author = {MLflow},
  title = {Документация MLflow},
  howpublished = {\url{https://mlflow.org/docs/latest/index.html}},
  year = {2024},
  urldate = {2025-04-25},
}

@online{xgboost_parameters_docs,
  author = {XGBoost},
  title = {Документация по параметрам XGBoost},
  howpublished = {\url{https://xgboost.readthedocs.io/en/stable/parameter.html}},
  year = {2024},
  urldate = {2025-12-20},
}

@inproceedings{schlag_2018_numerical,
  title = {Numerical Analysis of Automated Anomaly Detection Algorithms for
           Satellite Telemetry},
  author = {Schlag L. and O'Meara C. and Wickler M.},
  booktitle = {SpaceOps Conference},
  pages = {1--13},
  year = {2018},
}

@incollection{boumghar_2018_enhanced,
  title = {Enhanced awareness in space operations using multipurpose dynamic
           network analysis (Повышение осведомленности о космических операциях с использованием многоцелевого динамического анализа
           сетевой)},
  author = {Boumghar R. and Silva J. and Angelis I. and Schulster J. and
            Donati A.},
  booktitle = {Space Operations: Inspiring Humankind's Future},
  editor = {Schilling, Klaus and Donati, Alessandro and Baun, Christian and Roth
            , Nikolaus},
  publisher = {Springer International Publishing},
  address = {Cham},
  pages = {795--810},
  year = {2018},
}

@online{swpc_noaa_data_souce,
  author = {NOAA SWPC},
  title = {Данные солнечных циклов NOAA SWPC},
  howpublished = {\url{https://services.swpc.noaa.gov/json/solar-cycle/swpc_observed_ssn.json}},
  year = {2024},
  urldate = {2025-04-25},
}

@online{silso_snd_data_source,
  author = {SIDC},
  title = {Данные солнечной активности (SILSO)},
  howpublished = {\url{https://www.sidc.be/SILSO/INFO/sndtotcsv.php}},
  year = {2024},
  urldate = {2025-02-24},
}

@online{swgc_flux_data_source,
  author = {SWGC},
  title = {Данные солнечного потока (SWGC)},
  howpublished = {\url{https://spaceweather.gc.ca/solar_flux_data/daily_flux_values/fluxtable.txt}},
  year = {2024},
  urldate = {2025-02-24},
}

@book{sidc_manual,
  author = {Solar Influences Data Analysis Center (S.I.D.C.)},
  title = {Руководство по наблюдению и анализу солнечных пятен},
  year = {2018},
  address = {Брюссель},
  publisher = {S.I.D.C.},
  language = {russian},
}

@article{f107_standard,
  author = {Tapping K.F.},
  title = {The 10.7 cm solar radio flux (F10.7) (Солнечный радиопоток диаметром 10,7 см (F10.7))},
  journal = {Space Weather},
  year = {2013},
  volume = {11},
  number = {7},
  pages = {394--406},
  doi = {10.1002/swe.20064},
  language = {english},
}

@inproceedings{norton2012spaceborne,
  author = {Norton C.D. and others},
  title = {Spaceborne Flight Validation of NASA ESTO Technologies on CubeSats (Проверка эффективности технологий NASA ESTO в космических полетах на CubeSats)},
  booktitle = {IGARSS 2012 - 2012 IEEE International Geoscience and Remote
               Sensing Symposium},
  year = {2012},
  pages = {5373--5376},
  doi = {10.1109/IGARSS.2012.6352624},
  language = {english},
}

@online{eoportal_grifex,
  title = {GRIFEX (GEO-CAPE ROIC In-Flight Performance Experiment) (GRIFEX (эксперимент по летным характеристикам GEO-CAPE ROIC в полете))},
  year = {2025},
  url = {https://www.eoportal.org/satellite-missions/grifex},
  note = {Accessed: 2025-04-29},
  language = {english},
}

@online{mxl_grifex,
  title = {GRIFEX},
  year = {2025},
  url = {https://exploration.engin.umich.edu/grifex/},
  note = {Accessed: 2025-04-29},
  language = {english},
}

@online{expleo_enso_pdf,
  title = {Launching ENSO: CubeSat payload delivery (Запуск ENSO: доставка полезной нагрузки CubeSat)},
  year = {2023},
  url = {https://expleo.com/global/en/wp-content/documents/ENSO_EN.pdf},
  note = {Accessed: 2025-04-29},
  language = {english},
}

@online{nanosats_enso,
  title = {ENSO Spacecraft - Nanosats Database},
  year = {2024},
  url = {https://www.nanosats.eu/sat/enso.html},
  note = {Accessed: 2025-04-29},
  language = {english},
}

@online{expleo_enso_launch,
  title = {Expleo successfully launches first ENSO nanosatellite into space (Компания Expleo успешно запустила в космос первый наноспутник ENSO)},
  year = {2023},
  url = {https://expleo.com/global/en/insights/news/successful-launch-enso-nanosatellite-space/},
  note = {Accessed: 2025-04-29},
  language = {english},
}

@online{curbell_plastics,
  title = {Plastic Materials for Spacecraft \& Satellite Applications},
  year = {2024},
  url = {https://www.curbellplastics.com/materials/industries/spacecraft/},
  note = {Accessed: 2025-04-29},
  language = {english},
}

@techreport{nasa_shielding,
  author = {Thomsen M.F.},
  title = {Shielding Considerations for CubeSat Structures During Solar Events},
  institution = {NASA},
  year = {2023},
  url = {https://ntrs.nasa.gov/api/citations/20230010927/downloads/Thomsen_Shielding_Considerations_CubeSat_SSC_X-01.pdf},
  urldate = {2025-04-29},
  language = {english},
}

@online{spacemanic_veronika,
  title = {Veronika - Missions - SPACEMANIC},
  year = {2024},
  url = {https://www.spacemanic.com/missions/veronika/},
  note = {Accessed: 2025-04-29},
  language = {english},
}

@online{nanosats_veronika,
  title = {Veronika Spacecraft - Nanosats Database},
  year = {2024},
  url = {https://www.nanosats.eu/sat/veronika.html},
  note = {Accessed: 2025-04-29},
  language = {english},
}

@online{satnogs_veronika,
  title = {Veronika - SatNOGS DB},
  year = {2024},
  url = {https://db.satnogs.org/satellite/EXYP-7555-6232-5402-1667/},
  urldate = {2025-04-29},
  language = {english},
}

@online{kozmonautika_veronika,
  title = {Tretia slovenska druzica mieri do vesmiru. Vsetky informacie na
           jednom mieste (Третий словацкий спутник направляется в космос. Вся информация в одном месте)},
  year = {2023},
  url = {https://kozmonautika.sk/2023/11/08/tretia-slovenska-druzica-mieri-do-vesmiru-vsetky-informacie-na-jednom-mieste/},
  urldate = {2025-04-29},
  language = {slovak},
}

@techreport{nasa_soa,
  author = {NASA},
  title = {State of the Art Small Spacecraft Technology (Современная технология малых космических аппаратов)},
  year = {2024},
  url = {https://ntrs.nasa.gov/api/citations/20240001462/downloads/2023%20SOA_final.pdf},
  urldate = {2025-04-29},
  language = {english},
}

@mastersthesis{stehlikova_veronika,
  author = {Stehlikova V.},
  title = {Radiation resistance measurement on nanosatellite miniCube (Измерение радиационной стойкости на наноспутниках)},
  school = {Czech Technical University in Prague},
  year = {2015},
  url = {https://dspace.cvut.cz/bitstream/handle/10467/62113/F3-DP-2015-Stehlikova-Veronika-Veronika_final.pdf},
  note = {Accessed: 2025-04-29},
  language = {english},
}

@online{lasar_info,
  title = {LASARSAT – LASAR},
  year = {2024},
  url = {https://lasar.info/lasarsat},
  urldate = {2025-04-29},
  language = {english},
}

@online{spacemanic_lasarsat,
  title = {LASARsat - Missions - SPACEMANIC},
  year = {2024},
  url = {https://www.spacemanic.com/missions/lasarsat/},
  note = {Accessed: 2025-04-29},
  language = {english},
}

@online{wiki_lasarsat,
  title = {LASARsat - Wikipedia},
  year = {2024},
  url = {https://en.wikipedia.org/wiki/LASARsat},
  note = {Accessed: 2025-04-29},
  language = {english},
}

@online{satnogs_lasarsat,
  title = {LASARsat - SatNOGS DB},
  year = {2024},
  url = {https://db.satnogs.org/satellite/LLUY-1732-6975-8970-4189/},
  urldate = {2025-04-29},
  language = {english},
}

@online{eoportal_inspiresat,
  title = {INSPIRESat-1 (International Satellite Program in Research and
           Education Satellite-1) (Международная спутниковая программа в области исследований и образования)},
  year = {2019},
  url = {https://www.eoportal.org/satellite-missions/inspiresat-1},
  urldate = {2025-04-29},
  language = {english},
}

@online{nanosats_inspiresat,
  title = {INSPIRESat-1 Spacecraft - Nanosats Database},
  year = {2023},
  url = {https://www.nanosats.eu/sat/inspiresat-1.html},
  urldate = {2025-04-29},
  language = {english},
}

@online{satnogs_inspiresat,
  title = {INSPIRESat-1 - SatNOGS DB},
  year = {2022},
  url = {https://db.satnogs.org/satellite/KAEG-9794-2542-4829-8548/},
  urldate = {2025-04-29},
  language = {english},
}

@techreport{core_inspiresat,
  author = {Verma V. and Kumar K. S. and Lo W. and others},
  title = {INSPIRESat-1 Nanosat Mission},
  year = {2018},
  url = {https://core.ac.uk/download/pdf/220135786.pdf},
  urldate = {2025-04-29},
  language = {english},
}
